%YAML 1.1
%TAG !u! tag:unity3d.com,2011:
--- !u!29 &1
SceneSettings:
  m_ObjectHideFlags: 0
  m_PVSData: 
  m_PVSObjectsArray: []
  m_PVSPortalsArray: []
  m_OcclusionBakeSettings:
    smallestOccluder: 5
    smallestHole: .25
    backfaceThreshold: 100
--- !u!104 &2
RenderSettings:
  m_ObjectHideFlags: 0
  serializedVersion: 6
  m_Fog: 0
  m_FogColor: {r: .5, g: .5, b: .5, a: 1}
  m_FogMode: 3
  m_FogDensity: .00999999978
  m_LinearFogStart: 0
  m_LinearFogEnd: 300
  m_AmbientSkyColor: {r: .211999997, g: .226999998, b: .259000003, a: 1}
  m_AmbientEquatorColor: {r: .114, g: .125, b: .133000001, a: 1}
  m_AmbientGroundColor: {r: .0469999984, g: .0430000015, b: .0350000001, a: 1}
  m_AmbientIntensity: 1
  m_AmbientMode: 0
  m_SkyboxMaterial: {fileID: 10304, guid: 0000000000000000f000000000000000, type: 0}
  m_HaloStrength: .5
  m_FlareStrength: 1
  m_FlareFadeSpeed: 3
  m_HaloTexture: {fileID: 0}
  m_SpotCookie: {fileID: 10001, guid: 0000000000000000e000000000000000, type: 0}
  m_DefaultReflectionMode: 0
  m_DefaultReflectionResolution: 128
  m_ReflectionBounces: 1
  m_ReflectionIntensity: 1
  m_CustomReflection: {fileID: 0}
  m_Sun: {fileID: 0}
--- !u!157 &3
LightmapSettings:
  m_ObjectHideFlags: 0
  serializedVersion: 5
  m_GIWorkflowMode: 0
  m_LightmapsMode: 1
  m_GISettings:
    serializedVersion: 2
    m_BounceScale: 1
    m_IndirectOutputScale: 1
    m_AlbedoBoost: 1
    m_TemporalCoherenceThreshold: 1
    m_EnvironmentLightingMode: 0
    m_EnableBakedLightmaps: 1
    m_EnableRealtimeLightmaps: 1
  m_LightmapEditorSettings:
    serializedVersion: 3
    m_Resolution: 2
    m_BakeResolution: 40
    m_TextureWidth: 1024
    m_TextureHeight: 1024
    m_AOMaxDistance: 1
    m_Padding: 2
    m_CompAOExponent: 0
    m_LightmapParameters: {fileID: 0}
    m_TextureCompression: 1
    m_FinalGather: 0
    m_FinalGatherRayCount: 1024
    m_ReflectionCompression: 2
  m_LightmapSnapshot: {fileID: 0}
  m_RuntimeCPUUsage: 25
--- !u!196 &4
NavMeshSettings:
  serializedVersion: 2
  m_ObjectHideFlags: 0
  m_BuildSettings:
    serializedVersion: 2
    agentRadius: .5
    agentHeight: 2
    agentSlope: 45
    agentClimb: .400000006
    ledgeDropHeight: 0
    maxJumpAcrossDistance: 0
    accuratePlacement: 0
    minRegionArea: 2
    cellSize: .166666672
    manualCellSize: 0
  m_NavMeshData: {fileID: 0}
--- !u!1 &468795115 stripped
GameObject:
  m_PrefabParentObject: {fileID: 100000, guid: 384a0d8cc71cef74a873b3353337ea2c, type: 2}
  m_PrefabInternal: {fileID: 641689942}
--- !u!1001 &641689942
Prefab:
  m_ObjectHideFlags: 0
  serializedVersion: 2
  m_Modification:
    m_TransformParent: {fileID: 0}
    m_Modifications:
    - target: {fileID: 400000, guid: 384a0d8cc71cef74a873b3353337ea2c, type: 2}
      propertyPath: m_LocalPosition.x
      value: 0
      objectReference: {fileID: 0}
    - target: {fileID: 400000, guid: 384a0d8cc71cef74a873b3353337ea2c, type: 2}
      propertyPath: m_LocalPosition.y
      value: 0
      objectReference: {fileID: 0}
    - target: {fileID: 400000, guid: 384a0d8cc71cef74a873b3353337ea2c, type: 2}
      propertyPath: m_LocalPosition.z
      value: 0
      objectReference: {fileID: 0}
    - target: {fileID: 400000, guid: 384a0d8cc71cef74a873b3353337ea2c, type: 2}
      propertyPath: m_LocalRotation.x
      value: 0
      objectReference: {fileID: 0}
    - target: {fileID: 400000, guid: 384a0d8cc71cef74a873b3353337ea2c, type: 2}
      propertyPath: m_LocalRotation.y
      value: 0
      objectReference: {fileID: 0}
    - target: {fileID: 400000, guid: 384a0d8cc71cef74a873b3353337ea2c, type: 2}
      propertyPath: m_LocalRotation.z
      value: 0
      objectReference: {fileID: 0}
    - target: {fileID: 400000, guid: 384a0d8cc71cef74a873b3353337ea2c, type: 2}
      propertyPath: m_LocalRotation.w
      value: 1
      objectReference: {fileID: 0}
    - target: {fileID: 400000, guid: 384a0d8cc71cef74a873b3353337ea2c, type: 2}
      propertyPath: m_RootOrder
      value: 2
      objectReference: {fileID: 0}
    - target: {fileID: 11400000, guid: 384a0d8cc71cef74a873b3353337ea2c, type: 2}
      propertyPath: mPreviousScale.x
      value: 1
      objectReference: {fileID: 0}
    - target: {fileID: 11400000, guid: 384a0d8cc71cef74a873b3353337ea2c, type: 2}
      propertyPath: mPreviousScale.y
      value: 1
      objectReference: {fileID: 0}
    - target: {fileID: 11400000, guid: 384a0d8cc71cef74a873b3353337ea2c, type: 2}
      propertyPath: mPreviousScale.z
      value: 1
      objectReference: {fileID: 0}
    - target: {fileID: 3300000, guid: 384a0d8cc71cef74a873b3353337ea2c, type: 2}
      propertyPath: m_Mesh
      value: 
      objectReference: {fileID: 1185024575}
    - target: {fileID: 2300000, guid: 384a0d8cc71cef74a873b3353337ea2c, type: 2}
      propertyPath: m_Materials.Array.data[0]
      value: 
      objectReference: {fileID: 1245253404}
    - target: {fileID: 11400000, guid: 384a0d8cc71cef74a873b3353337ea2c, type: 2}
      propertyPath: mTrackableName
      value: karhu
      objectReference: {fileID: 0}
    - target: {fileID: 11400000, guid: 384a0d8cc71cef74a873b3353337ea2c, type: 2}
      propertyPath: mInitializedInEditor
      value: 1
      objectReference: {fileID: 0}
    - target: {fileID: 11400000, guid: 384a0d8cc71cef74a873b3353337ea2c, type: 2}
      propertyPath: mDataSetPath
      value: QCAR/SleuthOfBearsDB.xml
      objectReference: {fileID: 0}
    - target: {fileID: 400000, guid: 384a0d8cc71cef74a873b3353337ea2c, type: 2}
      propertyPath: m_LocalScale.x
      value: 1
      objectReference: {fileID: 0}
    - target: {fileID: 400000, guid: 384a0d8cc71cef74a873b3353337ea2c, type: 2}
      propertyPath: m_LocalScale.y
      value: 1
      objectReference: {fileID: 0}
    - target: {fileID: 400000, guid: 384a0d8cc71cef74a873b3353337ea2c, type: 2}
      propertyPath: m_LocalScale.z
      value: 1
      objectReference: {fileID: 0}
    - target: {fileID: 11400000, guid: 384a0d8cc71cef74a873b3353337ea2c, type: 2}
      propertyPath: mAspectRatio
      value: .749637008
      objectReference: {fileID: 0}
    - target: {fileID: 11400000, guid: 384a0d8cc71cef74a873b3353337ea2c, type: 2}
      propertyPath: mPreserveChildSize
      value: 0
      objectReference: {fileID: 0}
    - target: {fileID: 11400000, guid: 384a0d8cc71cef74a873b3353337ea2c, type: 2}
      propertyPath: mExtendedTracking
      value: 0
      objectReference: {fileID: 0}
    m_RemovedComponents: []
  m_ParentPrefab: {fileID: 100100000, guid: 384a0d8cc71cef74a873b3353337ea2c, type: 2}
  m_IsPrefabParent: 0
--- !u!1001 &1018999042
Prefab:
  m_ObjectHideFlags: 0
  serializedVersion: 2
  m_Modification:
    m_TransformParent: {fileID: 1088790923}
    m_Modifications:
    - target: {fileID: 400000, guid: 2a725225d3d981b4182014a2e20b501c, type: 2}
      propertyPath: m_LocalPosition.x
      value: 0
      objectReference: {fileID: 0}
    - target: {fileID: 400000, guid: 2a725225d3d981b4182014a2e20b501c, type: 2}
      propertyPath: m_LocalPosition.y
      value: .00100000005
      objectReference: {fileID: 0}
    - target: {fileID: 400000, guid: 2a725225d3d981b4182014a2e20b501c, type: 2}
      propertyPath: m_LocalPosition.z
      value: .0599999987
      objectReference: {fileID: 0}
    - target: {fileID: 400000, guid: 2a725225d3d981b4182014a2e20b501c, type: 2}
      propertyPath: m_LocalRotation.x
      value: 0
      objectReference: {fileID: 0}
    - target: {fileID: 400000, guid: 2a725225d3d981b4182014a2e20b501c, type: 2}
      propertyPath: m_LocalRotation.y
      value: 0
      objectReference: {fileID: 0}
    - target: {fileID: 400000, guid: 2a725225d3d981b4182014a2e20b501c, type: 2}
      propertyPath: m_LocalRotation.z
      value: 0
      objectReference: {fileID: 0}
    - target: {fileID: 400000, guid: 2a725225d3d981b4182014a2e20b501c, type: 2}
      propertyPath: m_LocalRotation.w
      value: 1
      objectReference: {fileID: 0}
    - target: {fileID: 400000, guid: 2a725225d3d981b4182014a2e20b501c, type: 2}
      propertyPath: m_RootOrder
      value: 1
      objectReference: {fileID: 0}
    - target: {fileID: 11400002, guid: 2a725225d3d981b4182014a2e20b501c, type: 2}
      propertyPath: mHasUpdatedPose
      value: 1
      objectReference: {fileID: 0}
    - target: {fileID: 11400002, guid: 2a725225d3d981b4182014a2e20b501c, type: 2}
      propertyPath: mPrevTransform.e00
      value: .150000006
      objectReference: {fileID: 0}
    - target: {fileID: 11400002, guid: 2a725225d3d981b4182014a2e20b501c, type: 2}
      propertyPath: mPrevTransform.e11
      value: 1
      objectReference: {fileID: 0}
    - target: {fileID: 11400002, guid: 2a725225d3d981b4182014a2e20b501c, type: 2}
      propertyPath: mPrevTransform.e13
      value: .00100000005
      objectReference: {fileID: 0}
    - target: {fileID: 11400002, guid: 2a725225d3d981b4182014a2e20b501c, type: 2}
      propertyPath: mPrevTransform.e22
      value: .150000006
      objectReference: {fileID: 0}
    - target: {fileID: 11400002, guid: 2a725225d3d981b4182014a2e20b501c, type: 2}
      propertyPath: mPrevTransform.e33
      value: 1
      objectReference: {fileID: 0}
    - target: {fileID: 11400002, guid: 2a725225d3d981b4182014a2e20b501c, type: 2}
      propertyPath: mPrevParent
      value: 
      objectReference: {fileID: 468795115}
    - target: {fileID: 3300000, guid: 2a725225d3d981b4182014a2e20b501c, type: 2}
      propertyPath: m_Mesh
      value: 
      objectReference: {fileID: 1561691124}
    - target: {fileID: 400000, guid: 2a725225d3d981b4182014a2e20b501c, type: 2}
      propertyPath: m_LocalScale.y
      value: 1
      objectReference: {fileID: 0}
    - target: {fileID: 400000, guid: 2a725225d3d981b4182014a2e20b501c, type: 2}
      propertyPath: m_LocalScale.x
      value: .100000001
      objectReference: {fileID: 0}
    - target: {fileID: 400000, guid: 2a725225d3d981b4182014a2e20b501c, type: 2}
      propertyPath: m_LocalScale.z
      value: .100000001
      objectReference: {fileID: 0}
    - target: {fileID: 100000, guid: 2a725225d3d981b4182014a2e20b501c, type: 2}
      propertyPath: m_Name
      value: GrowlButton
      objectReference: {fileID: 0}
    - target: {fileID: 11400002, guid: 2a725225d3d981b4182014a2e20b501c, type: 2}
      propertyPath: mPrevTransform.e03
      value: 0
      objectReference: {fileID: 0}
    - target: {fileID: 11400002, guid: 2a725225d3d981b4182014a2e20b501c, type: 2}
      propertyPath: mPrevTransform.e23
      value: .0599999987
      objectReference: {fileID: 0}
    - target: {fileID: 11400002, guid: 2a725225d3d981b4182014a2e20b501c, type: 2}
      propertyPath: mSensitivity
      value: 0
      objectReference: {fileID: 0}
    m_RemovedComponents: []
  m_ParentPrefab: {fileID: 100100000, guid: 2a725225d3d981b4182014a2e20b501c, type: 2}
  m_IsPrefabParent: 0
--- !u!4 &1088790923 stripped
Transform:
  m_PrefabParentObject: {fileID: 400000, guid: 384a0d8cc71cef74a873b3353337ea2c, type: 2}
  m_PrefabInternal: {fileID: 641689942}
--- !u!43 &1185024575
Mesh:
  m_ObjectHideFlags: 0
  m_PrefabParentObject: {fileID: 0}
  m_PrefabInternal: {fileID: 0}
  m_Name: 
  serializedVersion: 8
  m_SubMeshes:
  - serializedVersion: 2
    firstByte: 0
    indexCount: 6
    topology: 0
    firstVertex: 0
    vertexCount: 4
    localAABB:
      m_Center: {x: 0, y: 0, z: 0}
      m_Extent: {x: .5, y: 0, z: .374818504}
  m_Shapes:
    vertices: []
    shapes: []
    channels: []
    fullWeights: []
  m_BindPose: []
  m_BoneNameHashes: 
  m_RootBoneNameHash: 0
  m_MeshCompression: 0
  m_IsReadable: 1
  m_KeepVertices: 1
  m_KeepIndices: 1
  m_IndexBuffer: 000001000200020001000300
  m_Skin: []
  m_VertexData:
    m_CurrentChannels: 11
    m_VertexCount: 4
    m_Channels:
    - stream: 0
      offset: 0
      format: 0
      dimension: 3
    - stream: 0
      offset: 12
      format: 0
      dimension: 3
    - stream: 0
      offset: 0
      format: 0
      dimension: 0
    - stream: 0
      offset: 24
      format: 0
      dimension: 2
    - stream: 0
      offset: 0
      format: 0
      dimension: 0
    - stream: 0
      offset: 0
      format: 0
      dimension: 0
    - stream: 0
      offset: 0
      format: 0
      dimension: 0
    - stream: 0
      offset: 0
      format: 0
      dimension: 0
    m_DataSize: 128
    _typelessdata: 000000bf0000000036e8bfbe000000000000803f000000000000000000000000000000bf0000000036e8bf3e000000000000803f00000000000000000000803f0000003f0000000036e8bfbe000000000000803f000000000000803f000000000000003f0000000036e8bf3e000000000000803f000000000000803f0000803f
  m_CompressedMesh:
    m_Vertices:
      m_NumItems: 0
      m_Range: 0
      m_Start: 0
      m_Data: 
      m_BitSize: 0
    m_UV:
      m_NumItems: 0
      m_Range: 0
      m_Start: 0
      m_Data: 
      m_BitSize: 0
    m_Normals:
      m_NumItems: 0
      m_Range: 0
      m_Start: 0
      m_Data: 
      m_BitSize: 0
    m_Tangents:
      m_NumItems: 0
      m_Range: 0
      m_Start: 0
      m_Data: 
      m_BitSize: 0
    m_Weights:
      m_NumItems: 0
      m_Data: 
      m_BitSize: 0
    m_NormalSigns:
      m_NumItems: 0
      m_Data: 
      m_BitSize: 0
    m_TangentSigns:
      m_NumItems: 0
      m_Data: 
      m_BitSize: 0
    m_FloatColors:
      m_NumItems: 0
      m_Range: 0
      m_Start: 0
      m_Data: 
      m_BitSize: 0
    m_BoneIndices:
      m_NumItems: 0
      m_Data: 
      m_BitSize: 0
    m_Triangles:
      m_NumItems: 0
      m_Data: 
      m_BitSize: 0
    m_UVInfo: 0
  m_LocalAABB:
    m_Center: {x: 0, y: 0, z: 0}
    m_Extent: {x: .5, y: 0, z: .374818504}
  m_MeshUsageFlags: 0
  m_BakedConvexCollisionMesh: 
  m_BakedTriangleCollisionMesh: 
  m_MeshOptimized: 0
--- !u!114 &1199962932 stripped
MonoBehaviour:
  m_PrefabParentObject: {fileID: 11400002, guid: 2a725225d3d981b4182014a2e20b501c,
    type: 2}
  m_PrefabInternal: {fileID: 1018999042}
  m_Script: {fileID: 11500000, guid: 6c9fd2a2ab7e57e42a9586305090af87, type: 3}
--- !u!21 &1245253404
Material:
  serializedVersion: 6
  m_ObjectHideFlags: 0
  m_PrefabParentObject: {fileID: 0}
  m_PrefabInternal: {fileID: 0}
  m_Name: karhu_scaledMaterial
  m_Shader: {fileID: 10752, guid: 0000000000000000f000000000000000, type: 0}
  m_ShaderKeywords: 
  m_LightmapFlags: 5
  m_CustomRenderQueue: -1
  stringTagMap: {}
  m_SavedProperties:
    serializedVersion: 2
    m_TexEnvs:
      data:
        first:
          name: _MainTex
        second:
          m_Texture: {fileID: 2800000, guid: 02e499cb5b694ccf8bb59bb6768ac6b7, type: 3}
          m_Scale: {x: 1, y: 1}
          m_Offset: {x: 0, y: 0}
    m_Floats: {}
    m_Colors:
      data:
        first:
          name: _Color
        second: {r: .820895553, g: .820895553, b: .820895553, a: 1}
--- !u!1001 &1311815275
Prefab:
  m_ObjectHideFlags: 0
  serializedVersion: 2
  m_Modification:
    m_TransformParent: {fileID: 0}
    m_Modifications:
    - target: {fileID: 11400002, guid: bf30d577eead1ef40bcf2b404289daf4, type: 2}
      propertyPath: mDataSetsToLoad.Array.size
      value: 1
      objectReference: {fileID: 0}
    - target: {fileID: 11400002, guid: bf30d577eead1ef40bcf2b404289daf4, type: 2}
      propertyPath: mDataSetsToActivate.Array.size
      value: 1
      objectReference: {fileID: 0}
    - target: {fileID: 400000, guid: bf30d577eead1ef40bcf2b404289daf4, type: 2}
      propertyPath: m_LocalPosition.x
      value: 0
      objectReference: {fileID: 0}
    - target: {fileID: 400000, guid: bf30d577eead1ef40bcf2b404289daf4, type: 2}
      propertyPath: m_LocalPosition.y
      value: 230
      objectReference: {fileID: 0}
    - target: {fileID: 400000, guid: bf30d577eead1ef40bcf2b404289daf4, type: 2}
      propertyPath: m_LocalPosition.z
      value: 0
      objectReference: {fileID: 0}
    - target: {fileID: 400000, guid: bf30d577eead1ef40bcf2b404289daf4, type: 2}
      propertyPath: m_LocalRotation.x
      value: .707106888
      objectReference: {fileID: 0}
    - target: {fileID: 400000, guid: bf30d577eead1ef40bcf2b404289daf4, type: 2}
      propertyPath: m_LocalRotation.y
      value: 0
      objectReference: {fileID: 0}
    - target: {fileID: 400000, guid: bf30d577eead1ef40bcf2b404289daf4, type: 2}
      propertyPath: m_LocalRotation.z
      value: 0
      objectReference: {fileID: 0}
    - target: {fileID: 400000, guid: bf30d577eead1ef40bcf2b404289daf4, type: 2}
      propertyPath: m_LocalRotation.w
      value: .707106769
      objectReference: {fileID: 0}
    - target: {fileID: 400000, guid: bf30d577eead1ef40bcf2b404289daf4, type: 2}
      propertyPath: m_RootOrder
      value: 1
      objectReference: {fileID: 0}
    - target: {fileID: 11400002, guid: bf30d577eead1ef40bcf2b404289daf4, type: 2}
      propertyPath: mDataSetsToLoad.Array.data[0]
      value: SleuthOfBearsDB
      objectReference: {fileID: 0}
    - target: {fileID: 11400002, guid: bf30d577eead1ef40bcf2b404289daf4, type: 2}
      propertyPath: mDataSetsToActivate.Array.data[0]
      value: SleuthOfBearsDB
      objectReference: {fileID: 0}
    m_RemovedComponents: []
  m_ParentPrefab: {fileID: 100100000, guid: bf30d577eead1ef40bcf2b404289daf4, type: 2}
  m_IsPrefabParent: 0
--- !u!1 &1445094453
GameObject:
  m_ObjectHideFlags: 0
  m_PrefabParentObject: {fileID: 0}
  m_PrefabInternal: {fileID: 0}
  serializedVersion: 4
  m_Component:
  - 4: {fileID: 1445094455}
  - 114: {fileID: 1445094454}
  - 82: {fileID: 1445094456}
  m_Layer: 0
  m_Name: ButtonHandler
  m_TagString: Untagged
  m_Icon: {fileID: 0}
  m_NavMeshLayer: 0
  m_StaticEditorFlags: 0
  m_IsActive: 1
--- !u!114 &1445094454
MonoBehaviour:
  m_ObjectHideFlags: 0
  m_PrefabParentObject: {fileID: 0}
  m_PrefabInternal: {fileID: 0}
  m_GameObject: {fileID: 1445094453}
  m_Enabled: 1
  m_EditorHideFlags: 0
  m_Script: {fileID: 11500000, guid: 140a1cb132c9f4da48c30317c3bd2cda, type: 3}
  m_Name: 
  m_EditorClassIdentifier: 
  button: {fileID: 1199962932}
--- !u!4 &1445094455
Transform:
  m_ObjectHideFlags: 0
  m_PrefabParentObject: {fileID: 0}
  m_PrefabInternal: {fileID: 0}
  m_GameObject: {fileID: 1445094453}
  m_LocalRotation: {x: 0, y: 0, z: 0, w: 1}
  m_LocalPosition: {x: 0, y: 0, z: 0}
  m_LocalScale: {x: 1, y: 1, z: 1}
  m_Children: []
  m_Father: {fileID: 0}
  m_RootOrder: 3
--- !u!82 &1445094456
AudioSource:
  m_ObjectHideFlags: 0
  m_PrefabParentObject: {fileID: 0}
  m_PrefabInternal: {fileID: 0}
  m_GameObject: {fileID: 1445094453}
  m_Enabled: 1
  serializedVersion: 4
  OutputAudioMixerGroup: {fileID: 0}
  m_audioClip: {fileID: 8300000, guid: a181749a5bf3f40a98e8fb8d04f817e5, type: 3}
  m_PlayOnAwake: 0
  m_Volume: 1
  m_Pitch: 1
  Loop: 0
  Mute: 0
  Spatialize: 0
  Priority: 128
  DopplerLevel: 1
  MinDistance: 1
  MaxDistance: 500
  Pan2D: 0
  rolloffMode: 0
  BypassEffects: 0
  BypassListenerEffects: 0
  BypassReverbZones: 0
  rolloffCustomCurve:
    serializedVersion: 2
    m_Curve:
    - time: 0
      value: 1
      inSlope: 0
      outSlope: 0
      tangentMode: 0
    - time: 1
      value: 0
      inSlope: 0
      outSlope: 0
      tangentMode: 0
    m_PreInfinity: 2
    m_PostInfinity: 2
  panLevelCustomCurve:
    serializedVersion: 2
    m_Curve:
    - time: 0
      value: 0
      inSlope: 0
      outSlope: 0
      tangentMode: 0
    m_PreInfinity: 2
    m_PostInfinity: 2
  spreadCustomCurve:
    serializedVersion: 2
    m_Curve:
    - time: 0
      value: 0
      inSlope: 0
      outSlope: 0
      tangentMode: 0
    m_PreInfinity: 2
    m_PostInfinity: 2
  reverbZoneMixCustomCurve:
    serializedVersion: 2
    m_Curve:
    - time: 0
      value: 1
      inSlope: 0
      outSlope: 0
      tangentMode: 0
    m_PreInfinity: 2
    m_PostInfinity: 2
--- !u!43 &1561691124
Mesh:
  m_ObjectHideFlags: 0
  m_PrefabParentObject: {fileID: 0}
  m_PrefabInternal: {fileID: 0}
  m_Name: VBPlane
  serializedVersion: 8
  m_SubMeshes:
  - serializedVersion: 2
    firstByte: 0
    indexCount: 6
    topology: 0
    firstVertex: 0
    vertexCount: 4
    localAABB:
      m_Center: {x: 0, y: 0, z: 0}
      m_Extent: {x: .5, y: 0, z: .5}
  m_Shapes:
    vertices: []
    shapes: []
    channels: []
    fullWeights: []
  m_BindPose: []
  m_BoneNameHashes: 
  m_RootBoneNameHash: 0
  m_MeshCompression: 0
  m_IsReadable: 1
  m_KeepVertices: 1
  m_KeepIndices: 1
  m_IndexBuffer: 000001000200020001000300
  m_Skin: []
  m_VertexData:
    m_CurrentChannels: 11
    m_VertexCount: 4
    m_Channels:
    - stream: 0
      offset: 0
      format: 0
      dimension: 3
    - stream: 0
      offset: 12
      format: 0
      dimension: 3
    - stream: 0
      offset: 0
      format: 0
      dimension: 0
    - stream: 0
      offset: 24
      format: 0
      dimension: 2
    - stream: 0
      offset: 0
      format: 0
      dimension: 0
    - stream: 0
      offset: 0
      format: 0
      dimension: 0
    - stream: 0
      offset: 0
      format: 0
      dimension: 0
    - stream: 0
      offset: 0
      format: 0
      dimension: 0
    m_DataSize: 128
    _typelessdata: 000000bf00000000000000bf000000000000803f000000000000000000000000000000bf000000000000003f000000000000803f000000000000803f000000000000003f00000000000000bf000000000000803f00000000000000000000803f0000003f000000000000003f000000000000803f000000000000803f0000803f
  m_CompressedMesh:
    m_Vertices:
      m_NumItems: 0
      m_Range: 0
      m_Start: 0
      m_Data: 
      m_BitSize: 0
    m_UV:
      m_NumItems: 0
      m_Range: 0
      m_Start: 0
      m_Data: 
      m_BitSize: 0
    m_Normals:
      m_NumItems: 0
      m_Range: 0
      m_Start: 0
      m_Data: 
      m_BitSize: 0
    m_Tangents:
      m_NumItems: 0
      m_Range: 0
      m_Start: 0
      m_Data: 
      m_BitSize: 0
    m_Weights:
      m_NumItems: 0
      m_Data: 
      m_BitSize: 0
    m_NormalSigns:
      m_NumItems: 0
      m_Data: 
      m_BitSize: 0
    m_TangentSigns:
      m_NumItems: 0
      m_Data: 
      m_BitSize: 0
    m_FloatColors:
      m_NumItems: 0
      m_Range: 0
      m_Start: 0
      m_Data: 
      m_BitSize: 0
    m_BoneIndices:
      m_NumItems: 0
      m_Data: 
      m_BitSize: 0
    m_Triangles:
      m_NumItems: 0
      m_Data: 
      m_BitSize: 0
    m_UVInfo: 0
  m_LocalAABB:
    m_Center: {x: 0, y: 0, z: 0}
    m_Extent: {x: .5, y: 0, z: .5}
  m_MeshUsageFlags: 0
  m_BakedConvexCollisionMesh: 
  m_BakedTriangleCollisionMesh: 
  m_MeshOptimized: 0
--- !u!1 &1848598504
GameObject:
  m_ObjectHideFlags: 0
  m_PrefabParentObject: {fileID: 0}
  m_PrefabInternal: {fileID: 0}
  serializedVersion: 4
  m_Component:
  - 4: {fileID: 1848598506}
  - 108: {fileID: 1848598505}
  m_Layer: 0
  m_Name: Directional Light
  m_TagString: Untagged
  m_Icon: {fileID: 0}
  m_NavMeshLayer: 0
  m_StaticEditorFlags: 0
  m_IsActive: 1
--- !u!108 &1848598505
Light:
  m_ObjectHideFlags: 0
  m_PrefabParentObject: {fileID: 0}
  m_PrefabInternal: {fileID: 0}
  m_GameObject: {fileID: 1848598504}
  m_Enabled: 1
  serializedVersion: 6
  m_Type: 1
  m_Color: {r: 1, g: .956862748, b: .839215696, a: 1}
  m_Intensity: 1
  m_Range: 10
  m_SpotAngle: 30
  m_CookieSize: 10
  m_Shadows:
    m_Type: 2
    m_Resolution: -1
    m_Strength: 1
    m_Bias: .0500000007
    m_NormalBias: .400000006
  m_Cookie: {fileID: 0}
  m_DrawHalo: 0
  m_Flare: {fileID: 0}
  m_RenderMode: 0
  m_CullingMask:
    serializedVersion: 2
    m_Bits: 4294967295
  m_Lightmapping: 4
  m_BounceIntensity: 1
  m_ShadowRadius: 0
  m_ShadowAngle: 0
  m_AreaSize: {x: 1, y: 1}
--- !u!4 &1848598506
Transform:
  m_ObjectHideFlags: 0
  m_PrefabParentObject: {fileID: 0}
  m_PrefabInternal: {fileID: 0}
  m_GameObject: {fileID: 1848598504}
  m_LocalRotation: {x: .408217937, y: -.234569728, z: .109381676, w: .875426054}
  m_LocalPosition: {x: 0, y: 3, z: 0}
  m_LocalScale: {x: 1, y: 1, z: 1}
  m_Children: []
  m_Father: {fileID: 0}
  m_RootOrder: 0
--- !u!1 &1950242534
GameObject:
  m_ObjectHideFlags: 0
  m_PrefabParentObject: {fileID: 0}
  m_PrefabInternal: {fileID: 0}
  serializedVersion: 4
  m_Component:
  - 4: {fileID: 1950242535}
  - 33: {fileID: 1950242538}
  - 65: {fileID: 1950242537}
  - 23: {fileID: 1950242536}
  m_Layer: 0
  m_Name: Cube
  m_TagString: Untagged
  m_Icon: {fileID: 0}
  m_NavMeshLayer: 0
  m_StaticEditorFlags: 0
  m_IsActive: 1
--- !u!4 &1950242535
Transform:
  m_ObjectHideFlags: 0
  m_PrefabParentObject: {fileID: 0}
  m_PrefabInternal: {fileID: 0}
  m_GameObject: {fileID: 1950242534}
  m_LocalRotation: {x: 0, y: 0, z: 0, w: 1}
  m_LocalPosition: {x: 0, y: .150000006, z: 0}
  m_LocalScale: {x: .5, y: .5, z: .5}
  m_Children: []
  m_Father: {fileID: 1088790923}
  m_RootOrder: 0
--- !u!23 &1950242536
MeshRenderer:
  m_ObjectHideFlags: 0
  m_PrefabParentObject: {fileID: 0}
  m_PrefabInternal: {fileID: 0}
  m_GameObject: {fileID: 1950242534}
  m_Enabled: 1
  m_CastShadows: 1
  m_ReceiveShadows: 1
  m_Materials:
  - {fileID: 10303, guid: 0000000000000000f000000000000000, type: 0}
  m_SubsetIndices: 
  m_StaticBatchRoot: {fileID: 0}
  m_UseLightProbes: 1
  m_ReflectionProbeUsage: 1
  m_ProbeAnchor: {fileID: 0}
  m_ScaleInLightmap: 1
  m_PreserveUVs: 1
  m_ImportantGI: 0
  m_AutoUVMaxDistance: .5
  m_AutoUVMaxAngle: 89
  m_LightmapParameters: {fileID: 0}
  m_SortingLayerID: 0
  m_SortingOrder: 0
--- !u!65 &1950242537
BoxCollider:
  m_ObjectHideFlags: 0
  m_PrefabParentObject: {fileID: 0}
  m_PrefabInternal: {fileID: 0}
  m_GameObject: {fileID: 1950242534}
  m_Material: {fileID: 0}
  m_IsTrigger: 0
  m_Enabled: 1
  serializedVersion: 2
  m_Size: {x: 1, y: 1, z: 1}
  m_Center: {x: 0, y: 0, z: 0}
--- !u!33 &1950242538
MeshFilter:
  m_ObjectHideFlags: 0
  m_PrefabParentObject: {fileID: 0}
  m_PrefabInternal: {fileID: 0}
  m_GameObject: {fileID: 1950242534}
  m_Mesh: {fileID: 10202, guid: 0000000000000000e000000000000000, type: 0}
